@misc{gunileo:dataset,
  author = {University of Sheffield},
  title = {The Audio-Visual Lombard Grid Speech corpus},
  note = {Last accessed 23 June 2024. Available \href{https://spandh.dcs.shef.ac.uk/avlombard/}{here}}
}

@Article{gunileo:dlib,
  author = {Davis E. King},
  title = {Dlib-ml: A Machine Learning Toolkit},
  journal = {Journal of Machine Learning Research},
  year = {2009},
  volume = {10},
  pages = {1755-1758},
}

@INPROCEEDINGS{gunileo:stcnn,
  author={He, Zhixiang and Chow, Chi-Yin and Zhang, Jia-Dong},
  booktitle={2019 20th IEEE International Conference on Mobile Data Management (MDM)}, 
  title={STCNN: A Spatio-Temporal Convolutional Neural Network for Long-Term Traffic Prediction}, 
  year={2019},
  volume={},
  number={},
  pages={226-233},
  keywords={Predictive models;Data models;Correlation;Convolutional neural networks;Transportation;Deep learning;Spatio-temporal dependencies, periodic traffic patterns, convolutional neural network, long term traffic predictions},
  doi={10.1109/MDM.2019.00-53}
}

@misc{lipnet,
      title={LipNet: End-to-End Sentence-level Lipreading}, 
      author={Yannis M. Assael and Brendan Shillingford and Shimon Whiteson and Nando de Freitas},
      year={2016},
      eprint={1611.01599},
      archivePrefix={arXiv},
      primaryClass={id='cs.LG' full_name='Machine Learning' is_active=True alt_name=None in_archive='cs' is_general=False description='Papers on all aspects of machine learning research (supervised, unsupervised, reinforcement learning, bandit problems, and so on) including also robustness, explanation, fairness, and methodology. cs.LG is also an appropriate primary category for applications of machine learning methods.'}
}